=LDR  00000cam a2200000 i 4500
=001  3315027
=005  20241112025810.4
=008  780802s1977    aku      b   s100 0 eng  
=010  \\$a   78620504 
=040  \\$aDLC$beng$cDLC$dOCL$dOCLCQ$dBTCTA$dGBVCP$dOCLCO$dOCLCA$dOCLCF$dOCLCQ$dOCLCO$dOCL$dOCLCO$dOCLCA$dAGL$dOCLCO$dOCLCL$dOCLCQ$dOCLCL$dOCLCO
=019  \\$a897991537
=043  \\$an-us-ak
=050  1\$aSH35.A62$bA68 1977
=070  \\$aSH35.A62A68$b1977
=082  0\$a630/.9164/34
=084  \\$a21,3$2ssgn
=049  \\$aWAUW
=111  2\$aAlaska Aquaculture Conference$n(2nd :$d1977 :$cWrangell, Alaska)
=245  10$aProceedings of the second Alaska Aguaculture Conference, January 7, 8, and 9, 1977, Wrangell, Alaska.
=260  \\$a[Fairbanks] :$bAlaska Sea Grant Program,$c1977.
=300  \\$aiv, 78 pages ;$c28 cm.
=336  \\$atext$btxt$2rdacontent
=337  \\$aunmediated$bn$2rdamedia
=338  \\$avolume$bnc$2rdacarrier
=490  1\$aSea grant report ;$v77-7
=504  \\$aIncludes bibliographical references.
=650  \0$aAquaculture$zAlaska$vCongresses.
=650  \0$aAquaculture$vCongresses.
=650  \6$aAquaculture$0(CaQQLa)201-0001992$zAlaska$0(CaQQLa)201-0460551$vCongrès.$0(CaQQLa)201-0378219
=650  \6$aAquaculture$0(CaQQLa)201-0001992$vCongrès.$0(CaQQLa)201-0378219
=650  \7$aAquaculture$2fast$0(OCoLC)fst00811864
=651  \7$aAlaska$2fast$1https://id.oclc.org/worldcat/entity/E39QbtfRq9rTfb3H89Vvrr9x9c$0(OCoLC)fst01204480
=655  \7$aConference papers and proceedings$2fast$0(OCoLC)fst01423772
=710  2\$aAlaska Sea Grant Program.$1https://id.oclc.org/worldcat/entity/E39QQPVp7TrP9tRGQfMbk46B7R
=776  08$iOnline version:$aAlaska Aquaculture Conference (2nd : 1977 : Wrangell, Alaska).$tProceedings of the second Alaska Aguaculture Conference, January 7, 8, and 9, 1977, Wrangell, Alaska.$d[Fairbanks] : Alaska Sea Grant Program, 1977$w(OCoLC)930339901
=830  \0$aAlaska sea grant report ;$v77-7.
=938  \\$aBaker and Taylor$bBTCP$n78620504
=029  1\$aGBVCP$b043490379

