=LDR  00000cam a2200000 i 4500
=001  3292686
=005  20240813164934.7
=008  770908s1977    dcu      b   f000 0 eng  
=010  \\$a   77602748 
=040  \\$aDLC$beng$erda$cDLC$dCLU$dGPO$dCUY$dOCLCO$dOCLCF$dOCLCQ$dOCLCO$dOLA$dCOF$dOCLCQ$dOCLCA$dOCLCQ$dOCLCO$dFUG$dOCLCQ$dAGL$dOCLCO$dGPO$dOCLCL$dERE$dOCLCO$dOCLCQ
=019  \\$a3193721$a3231305$a854370998$a1225799533
=037  \\$a003-020-00136-0$bGPO
=043  \\$an-us---
=050  04$aSH34$b.U54 1977
=070  \\$aSH34.U54
=074  \\$a0609-C-01
=082  0\$a338.3/71/0973
=086  0\$aC 55.302:AQ 3
=049  \\$aWAUW
=100  1\$aGlude, John B.,$eeditor.
=245  10$aNOAA aquaculture plan /$cprepared by John B. Glude, editor.
=264  \1$aWashington, DC :$bUnited States Government Printing Office,$c1977.
=300  \\$avi, 41 pages :$bgraphs ;$c27 cm
=336  \\$atext$btxt$2rdacontent
=337  \\$aunmediated$bn$2rdamedia
=338  \\$avolume$bnc$2rdacarrier
=500  \\$a"May 1977."
=504  \\$aIncludes bibliographical references.
=520  \\$aPrepared by National Oceanic and Atmospheric Administration, National Marine Fisheries Service and Office of Sea Grant. John B. Glude, editor, Aquaculture Program Coordinator.
=530  \\$aAlso available online in PDF.
=500  \\$aIncludes partial listing of NOAA's authority for Aquaculture programs.
=650  \0$aAquaculture$zUnited States.
=650  \0$aFishery policy$zUnited States.
=650  \6$aAquaculture$0(CaQQLa)201-0001992$zÉtats-Unis.$0(CaQQLa)201-0407727
=650  \6$aPêches$0(CaQQLa)201-0054825$xPolitique gouvernementale$0(CaQQLa)201-0054825$zÉtats-Unis.$0(CaQQLa)201-0407727
=610  17$aUnited States.$bNational Oceanic and Atmospheric Administration$2fast$0(OCoLC)fst00529308
=650  \7$aAquaculture$2fast$0(OCoLC)fst00811864
=650  \7$aFishery policy$2fast$0(OCoLC)fst00926264
=651  \7$aUnited States$2fast$1https://id.oclc.org/worldcat/entity/E39PBJtxgQXMWqmjMjjwXRHgrq$0(OCoLC)fst01204155
=710  1\$aUnited States.$bNational Marine Fisheries Service,$eco-author,$eissuing body.
=710  1\$aUnited States.$bNational Oceanic and Atmospheric Administration.$bOffice of Sea Grant,$eco-author.
=776  08$iOnline version:$aUnited States. National Marine Fisheries Service.$tNOAA aquaculture plan.$d[Seattle] : The Service ; [Washington : for sale by the Supt. of Docs., U.S. Govt. Print. Off.], 1977$w(OCoLC)624588805
=856  11$uhttps://library.oarcloud.noaa.gov/noaa_documents.lib/NOS/CZIC/5140.pdf$zOnline version in PDF via the NOAA Central Library (3.4 MB)
=856  4\$uhttp://www.gpo.gov/fdsys/pkg/CZIC-sh34-u54-1977/pdf/CZIC-sh34-u54-1977.pdf
=029  1\$aAU@$b000001021296

