=LDR  00000cam a2200000 i 4500
=001  6101111
=005  20241212023333.7
=008  800318s1979    dcud     b    000 0 eng  
=040  \\$aAGL$beng$cAGL$dCLS$dOCLCQ$dCUY$dOCLCO$dOCLCQ$dWAU$dOCLCF$dCOF$dOCLCA$dOCLCQ$dOCLCO$dOCL$dIPL$dOCLCQ$dOCLCO$dOCLCL$dOCLCO
=019  \\$a8835119
=043  \\$an-us---
=050  \4$aSH34$b.N37 1979
=070  \\$aSH34.N373
=072  \0$aD100
=072  \0$aM001
=082  14$a639.3$bN2135r
=086  0\$aNA 1.2:AQ 3
=049  \\$aWAUW
=110  2\$aNational Research Council (U.S.).$bPanel on Aquaculture.
=245  14$aThe role of the U.S. Department of Agriculture in aquaculture :$ba report /$cprepared by the Panel on Aquaculture, Board on Agriculture and Renewable Resources, National Research Council.
=260  \\$aWashington, D. C. :$bNational Academy of Sciences,$c1979.
=300  \\$axvi, 49 pages :$bchart ;$c28 cm
=336  \\$atext$btxt$2rdacontent
=337  \\$aunmediated$bn$2rdamedia
=338  \\$avolume$bnc$2rdacarrier
=500  \\$aBased on a workshop held at College Station, Tex., Feb. 6-8, 1979.
=500  \\$a"This study was supported by the Science and Education Administration of the U.S. Department of Agriculture."
=504  \\$aIncludes bibliographical references.
=610  10$aUnited States.$bDepartment of Agriculture.
=650  \0$aAquaculture$zUnited States.
=650  \0$aAquaculture.
=650  \0$aAquatic ecology.
=650  \0$aAquacultural engineering.
=610  13$aUnited States.$bDepartment of Agriculture.
=650  \3$aAquaculture$zUnited States.
=650  \6$aAquaculture$0(CaQQLa)201-0001992$zÉtats-Unis.$0(CaQQLa)201-0407727
=650  \6$aAquaculture.$0(CaQQLa)201-0001992
=610  17$aUnited States.$bDepartment of Agriculture$2fast$0(OCoLC)fst01852329
=650  \7$aAquacultural engineering$2fast$0(OCoLC)fst00811863
=650  \7$aAquaculture$2fast$0(OCoLC)fst00811864
=650  \7$aAquatic ecology$2fast$0(OCoLC)fst00811988
=651  \7$aUnited States$2fast$1https://id.oclc.org/worldcat/entity/E39PBJtxgQXMWqmjMjjwXRHgrq$0(OCoLC)fst01204155
=710  2\$aNational Research Council (U.S.).$bBoard on Agriculture and Renewable Resources.$1https://id.oclc.org/worldcat/entity/E39QQPVp7XGhhtFY7ygMRgtTTR
=029  1\$aAU@$b000023057159
=029  1\$aAU@$b000044147613

