=LDR  00000cam a22000004a 4500
=001  47053634
=005  20250319185534.7
=008  010601m19992005it a     f    000 0 eng c
=010  \\$a  2001515545
=040  \\$aOSU$beng$cOSU$dOKS$dDLC$dOCLCQ$dUMC$dUKM$dYDXCP$dBTCTA$dOCLCF$dOCLCQ$dOCLCO$dOCL$dSOI$dOCLCQ$dNZAUC$dOCLCA$dQE2$dUKMGB$dOCLCO$dCN3GA$dIG#$dLD0$dOCLCO
=015  \\$aGBA131082$2bnb
=016  7\$a007759105$2Uk
=019  \\$a155575223$a639205219$a969432366$a973625682$a1099738754
=020  \\$a9251043809
=020  \\$a9789251043806
=020  \\$a9251053049$q(v. 2 ;$qpbk.)
=020  \\$a9789251053041$q(v. 2 ;$qpbk.)
=042  \\$apcc
=050  00$aSH167.S33$bM36 1999
=055  \3$aQL638.S48$bM36 1999
=082  04$a639.3/11$221
=082  04$a639.3772$222
=084  \\$aEM 79(S)$2blsrissc
=084  \\$aEM 70$2blsrissc
=049  \\$aWAUW
=245  00$aManual on hatchery production of seabass and gilthead seabream /$cby Alessandro Moretti [and others].
=260  \\$aRome :$bFood and Agriculture Organization of the United Nations,$c1999-2005.
=300  \\$a2 volumes :$billustrations (some color) ;$c30 cm
=336  \\$atext$btxt$2rdacontent
=337  \\$aunmediated$bn$2rdamedia
=338  \\$avolume$bnc$2rdacarrier
=520  \\$aVolume 1: The first part covers the historical background and a discussion of the main factors that affect fish seed production. The second section describes the life history and biology of the species. This includes also a short section on microalgae, rotifers and brine shrimp. The third section of the first volume deals with hatchery production procedures, from broodstock management to production of live feed, egg management, larval rearing weaning, fry transport, and diseases.
=520  \\$aVolume 2: Deals with the design and production of theb hatchery, engineering aspects of water supply, hydraulic circuits, and equipment used in the hatcheries. It also includes guidance on financial aspects that could be useful for project design, and operation of hatcheries.
=505  0\$aVolume 1. Summary & introduction -- Part 1. Historical background and present situation -- 1.1. Historical background -- 1.2. Present situation -- 1.3. Main factors affecting fish seed production -- Part 2. Biology and life history -- 2.1. Gilthead seabream -- 2.2. The European seabass -- 2.3. Live food for marine fish larvae -- Part 3. Hatchery production procedures -- 3.1. Broodstock management -- 3.2. Production of live feeds -- 3.3. Fish egg management -- 3.4. Larval rearing -- 3.5. Weaning -- 3.6. Fry transport -- 3.7. Fry diseases: introduction to their observation, analysis and first treatment -- 3.8. Morphoanatomic and morphometric standards.
=505  0\$aVolume 2. Part 1. Hatchery design and construction -- 1.1. Calculating the size of a hatchery -- 1.2. Site selection criteria -- 1.3. Environmental factors -- 1.4. Socio-economic aspects -- 1.5. Existing facilities -- 1.6. Hatchery layout -- 1.7. Broodstock unit -- 1.8. Live food unit -- 1.9. Pure strain and up-scale culture room -- 1.10. Intermediate algae and rotifer bag culture room -- 1.11. Rotifer culture and enrichment -- 1.12. Brine shrimp production and enrichment -- 1.13. Larval rearing unit -- 1.14. Weaning unit -- 1.15. Support units -- 1.16. General relationships among units and systems -- Part 2. Engineering -- 2.1. Introduction -- 2.2. Seawater supply, distribution and drainage systems -- 2.3. Seawater intake -- 2.4. Designing water intakes -- 2.5. Considerations on the choice of water intake -- 2.6. Main pumping station -- 2.7. Design of the pumping stations -- 2.8. Considerations for the choice of the pumping station -- 2.9. Seawater wells -- 2.10. Pipelines and canals -- 2.11. Design of pipelines, outlets and canals -- 2.12. Design of hatchery hydraulic circuits: examples of calculations -- 2.13. Pumps -- 2.14. Designing the pumping station -- 2.15. Considerations for the choice of a pumping system -- Part 3. Equipment -- 3.1. Tanks -- 3.2. Filters -- 3.3. Settlement tanks and other settlement devices -- 3.4. Water sterilisers -- 3.5. Oxygenators and aerators -- 3.6. Oxygen monitoring and regulating system -- 3.7. Water temperature conditioning -- 3.8. Auxiliary equipment for fry management -- Part 4. Financial aspects -- 4.1. Investing in a hatchery -- 4.2. Evaluation of financial requirements for hatchery operations -- 4.3. Base cost elements -- 4.4. Financial cost and cash flow requirements -- 4.5. Hatcheries turnover compared with growout farms -- 4.6. How and what to production -- 4.7. Risks -- 4.8. Insurance.
=650  \0$aSea basses.
=650  \0$aFish culture$vHandbooks, manuals, etc.
=650  \0$aAquaculture$vHandbooks, manuals, etc.
=650  \6$aPisciculture$0(CaQQLa)201-0032618$vGuides, manuels, etc.$0(CaQQLa)201-0377046
=650  \6$aAquaculture$0(CaQQLa)201-0001992$vGuides, manuels, etc.$0(CaQQLa)201-0377046
=650  \7$aAquaculture$2fast$0(OCoLC)fst00811864
=650  \7$aFish culture$2fast$0(OCoLC)fst00926017
=650  \7$aSea basses$2fast$0(OCoLC)fst01109987
=653  \\$amarine aquaculture$afry production$aSparus$aDicentrarchus$alarval rearing$afish hatcheries
=655  \7$ahandbooks.$2aat$0(CStmoGRI)aatgf300311807
=655  \7$aHandbooks and manuals$2fast$0(OCoLC)fst01423877
=655  \7$aHandbooks and manuals.$2lcgft
=655  \7$aGuides et manuels.$2rvmgf$0(CaQQLa)RVMGF-000001065
=700  1\$aMorretti, Alessandro.
=710  2\$aFood and Agriculture Organization of the United Nations.
=776  08$iOnline version:$tManual on hatchery production of seabass and gilthead seabream.$dRome : Food and Agriculture Organization of the United Nations, 1999-2005$w(OCoLC)626844041
=856  41$uhttp://www.fao.org/documents/show_cdr.asp?url_file=/docrep/005/x3980e/x3980e00.htm$3Link to electronic version of volume 1.
=856  41$uhttp://www.fao.org/documents/show_cdr.asp?url_file=/docrep/008/y6018e/y6018e01.htm$3Link to electronic version of volume 2.
=938  \\$aIngram Library Services$bINGR$nin010183218
=938  \\$aBaker and Taylor$bBTCP$nBK0009045182
=938  \\$aYBP Library Services$bYANK$n100326330
=029  1\$aAU@$b000022738572
=029  1\$aAU@$b000023167959
=029  1\$aAU@$b000023306473
=029  1\$aNZ1$b6215288
=029  1\$aNZ1$b6690842
=029  1\$aUKMGB$b007759105

