=LDR  00000cai a2200000 a 4500
=001  39720541
=005  20241019171403.3
=008  980819c19979999wauuu w o    s0    2eng d
=006  m     o  d s      
=007  cr\mn|||||||||
=040  \\$aWAU$beng$cWAU$dOCL$dOCLCQ$dOCLCG$dOCLCQ$dOCLCO$dOCLCQ$dOCLCA$dOCLCQ$dOCLCF$dOCLCA$dOCLCO$dORE$dOCLCO$dOCLCQ$dOCLCL$dOCLCO
=043  \\$an-us-wa
=050  \4$aGC58.12.W2
=049  \\$aWAUW
=245  00$aUniversity of Washington Sea Grant.
=246  1\$iHTML source title:$aWashington Sea Grant Program
=260  \\$aSeattle, Wash. :$bOffice of Marine Environmental and Resource Programs, Washington Sea Grant Program,$c1997-
=300  \\$a1 online resource
=336  \\$atext$btxt$2rdacontent
=337  \\$acomputer$bc$2rdamedia
=338  \\$aonline resource$bcr$2rdacarrier
=500  \\$a"Webmaster, Susan Cook; Writer, David G. Gordon"--Credits page
=500  \\$aIncludes a link to the online version of the Washington Sea Grant Program Publications Database.
=588  0\$aOnline resource; title from web page (viewed August 14, 1998).
=610  20$aWashington Sea Grant Program.
=650  \0$aMarine resources$xResearch$zWashington (State)
=650  \0$aMarine resources$xComputer network resources.
=650  \0$aFisheries$xResearch$zWashington (State)
=650  \0$aFisheries$xComputer network resources.
=650  \0$aAquaculture$xResearch$zWashington (State)
=650  \0$aAquaculture$xComputer network resources.
=650  \0$aEstuaries$xResearch$zWashington (State)
=650  \0$aEstuaries$xComputer network resources.
=650  \6$aRessources marines$0(CaQQLa)201-0009124$xRecherche$0(CaQQLa)201-0379425$zWashington (État)$0(CaQQLa)201-0395184
=650  \6$aPêches$0(CaQQLa)201-0027216$xRecherche$0(CaQQLa)201-0027216$zWashington (État)$0(CaQQLa)201-0395184
=650  \6$aAquaculture$0(CaQQLa)201-0001992$xRecherche$0(CaQQLa)201-0379425$zWashington (État)$0(CaQQLa)201-0395184
=650  \6$aEstuaires$0(CaQQLa)201-0136661$xRecherche$0(CaQQLa)201-0136661$zWashington (État)$0(CaQQLa)201-0395184
=610  27$aWashington Sea Grant Program$2fast$1https://id.oclc.org/worldcat/entity/E39QQPVp7WMgyD6mqvcyJdfhTR$0(OCoLC)fst00515832
=650  \7$aAquaculture$xResearch$2fast$0(OCoLC)fst00811890
=650  \7$aEstuaries$xResearch$2fast$0(OCoLC)fst00915667
=650  \7$aFisheries$xComputer network resources$2fast$0(OCoLC)fst00926062
=650  \7$aFisheries$xResearch$2fast$0(OCoLC)fst00926125
=650  \7$aMarine resources$xResearch$2fast$0(OCoLC)fst01009900
=651  \7$aWashington (State)$2fast$1https://id.oclc.org/worldcat/entity/E39PBJpymmTY6j9pxXGMd79FKd$0(OCoLC)fst01204703
=700  1\$aCook, Susan.
=700  1\$aGordon, David G.$q(David George),$d1950-$1https://id.oclc.org/worldcat/entity/E39PCjymVbjHvFGg38TyFYH7gX
=710  2\$aWashington Sea Grant Program.$bOffice of Marine Environment and Resources Programs.
=758  \\$ihas work:$aUniversity of Washington Sea Grant (Text)$1https://id.oclc.org/worldcat/entity/E39PCFRBVPD6xTTg6wbKJYtYRq$4https://id.oclc.org/worldcat/ontology/hasWork
=856  40$uhttps://wsg.washington.edu/
=856  4\$zElectronic address (http://www.wsg.washington.edu/index.html) not available when searched on 3/25/2022

