=LDR  00000cam a22000004a 4500
=001  42960668
=005  20241107210631.0
=008  991203s1999    enkab    b    101 0 eng  
=010  \\$a   99088749 
=040  \\$aDLC$beng$cDLC$dC#P$dUKM$dCUS$dTXA$dAGL$dOCLCQ$dBAKER$dBTCTA$dYDXCP$dOLA$dTULIB$dOCLCF$dOCLCQ$dOCLCO$dOCL$dOCLCO$dOCLCQ$dNZ1$dOCLCQ$dAAA$dOCLCO$dOCLCL$dIG#
=015  \\$aGB99Y7464$2bnb
=015  \\$aGBA037445$2bnb
=019  \\$a40926558$a44184286$a1191437907
=020  \\$a0852382464
=020  \\$a9780852382462
=042  \\$apcc
=050  00$aSH3$b.S76 1999
=070  0\$aSH3$b.S76 1999
=072  \0$aL300
=072  \0$aM300
=082  00$a639.3/2$221
=049  \\$aWAUW
=245  00$aStock enhancement and sea ranching /$cedited by Bari R. Howell, Erlend Moksness, Terje Svåsand.
=260  \\$aOxford ;$aMalden, MA :$bFishing News Books,$c1999.
=300  \\$ax, 606 pages :$billustrations, maps ;$c25 cm
=336  \\$atext$btxt$2rdacontent
=337  \\$aunmediated$bn$2rdamedia
=338  \\$avolume$bnc$2rdacarrier
=504  \\$aIncludes bibliographical references.
=505  0\$aIntroduction: Can the Conditions for a Successful Enhancement or Sea Ranching be Defined? / Alain Laurec -- 1. Recruitment Limitation is the Theoretical Basis for Stock Enhancement in Marine Populations / Peter J. Doherty -- 2. A Model of Enhancement Potentials in Open Ecosystems / Jarl Giske and Anne Gro Vea Salvanes -- 3. Genetic Considerations in Enhancement and Ranching of Marine and Anadromous Species / Tom F. Cross -- 4. Genetic Diversity and the Norwegian Sea Ranching Programme: an Evaluation / K. E. Jorstad, O. Skaala and G. Naevdal -- 5. Rationale for an Experimental Approach to Stock Enhancement / Kenneth M. Leber -- 6. Marine Ranching: A Global Perspective / Devin M. Bartley -- 7. The Organization and Development of Sea Farming in Japan / Koji Imamura -- 8. Effectiveness of Japan's Stock Enhancement Programmes: Current Perspectives / Shuichi Kitada -- 9. How Can Stock Enhancement and Sea Ranching Help Sustain and Increase Coastal Fisheries? / I. Chiu Liao -- 10. Hatchery Programmes and Stock Management of Salmonid Populations in Japan / Masahide Kaeriyama -- 11. Distribution, Migration and Growth in the North Pacific Ocean of Sockeye Salmon (Oncorhynchus nerka) Produced from the Lacustrine Form / Kazuya Nagasawa and Soto-o Ito -- 12. Can Stocking Programmes Affect the Predator Stocks and Decrease the Survival of the Wild Atlantic Salmon Juveniles? / Harald Saegrov and Ove T. Skilbrei -- 13. Release Strategy for Japanese Flounder Fry in Stock Enhancement Programmes / Yoh Yamashita and Hideaki Yamada -- 14. Fish Quality and Stocking Effectiveness: Behavioural Approach / Katsumi Tsukamoto, Hiroshi Kuwada and Kazuo Uchida / [et al.] -- 15. The Use of Stock Enhancement to Improve the Catch Rates of Black Bream, Acanthopagrus butcheri (Munro) for Western Australian Recreational Fishers / R. C. Lenanton, S. G. Ayvazian and C. Dibden / [et al.] -- 16. Release, Recapture and Migration of Reared Atlantic Cod (Gadus morhua L.) on the Faroe Islands / Ingvard Fjallstein and Hjalti i Jakupsstovu -- 17. Fjord-ranching of Wild Cod in an Icelandic Fjord: Effects of Feeding on Nutritional Condition, Growth Rate and Behaviour / Bjorn Bjornsson -- 18. Enhancement Studies of Atlantic Cod (Gadus morhua L.) in an Exposed Coastal Area in Western Norway / Hakon Ottera, Tore S. Kristiansen and Terje Svasand / [et al.] -- 19. Enhancement Studies of Coastal Cod (Gadus morhua L.) in Nord-Trondelag, Norway / Tore S. Kristiansen -- 20. Sea Ranching of Atlantic cod (Gadus morhua L.): Effects of Release Strategy on Survival / Hakon Ottera, Tore S. Kristiansen and Terje Svasand / [et al.] -- 21. Migration, Growth and Survival in Stocked and Wild Cod (Gadus morhua L.) in the Vestfjord Region, North Norway / Stig Skreslet, Inge Albrigtsen and Alf Per Andersen / [et al.] -- 22. Movement Patterns and Growth of Wild Cod (Gadus morhua L.) and Hatchery-reared Cod Released as 1-Group / Frank Nostvik and Torstein Pedersen -- 23. Cormorants (Phalacrocorax carbo carbo) as Predators in a Cod (Gadus morhua L.) Enhancement Area in North Norway / Roger Johansen, Torstein Pedersen and Robert T. Barrett -- 24. Anti-predator Behaviour of Hatchery-reared and Wild Juvenile Atlantic Cod (Gadus morhua L.) and the Effect of Predator Training / Mariann Nodtvedt, Anders Ferno and Jacob Gjosoeter / [et al.] -- 25. Approaches to Reseeding Penaeid Prawns / P. C. Rothlisberg, N. P. Preston and N. R. Loneragan / [et al.] -- 26. Research and Development of Prawn Stock Enhancement in Taiwan / Mao-Sen Su and I. Chiu Liao -- 27. Preliminary Studies on Stocking Depleted Populations of the European Lobster, Homarus gammarus (L.) (Decapoda, Nephropsidae) onto the Natural Beachrock Outcrops in the Northern Adriatic Sea / Tiziano Scovacricchi -- 28. Stock Enhancement of European Lobster (Homarus gammarus): a Large-scale Experiment off South-western Norway / A.-L. Agnalt, G. I. van der Meeren and K. E. Jorstad / [et al.] -- 29. Scallop Sea Bed Culture in Europe / Jean-Claude Dao, Pierre-Gildas Fleury and Jean Barret -- 30. Restocking of Giant Clams: Progress, Problems and Potential / Johann D. Bell -- 31. The Potential for Abalone Ranching and Enhancement in South Africa / Peter Cook and Neville Sweijd -- 32. Predation by Octopus on Released Abalone / Noriyuki Okei -- 33. Potential of the Tropical Indo-Pacific Sea Cucumber, Holothuria scabra, for Stock Enhancement / Stephen C. Battaglene and Johann D. Bell -- 34. Management of Enhanced Stocks: Social, Economic and Access Issues / Abraham Hallenstvedt -- 35. Legal Issues Relating to Stock Enhancement and Marine Ranching / William Howarth and Cristina Leria -- 36. The Decision-making Process in Relation to the Enhancement of Catadromous Fish Stocks in Queensland, Australia / P. L. Cadwallader -- 37. Alaska Salmon Ranching: an Economic Review of the Alaska Salmon Hatchery Programme / Gunnar P. Knapp -- 38. Stocking Effectiveness of Japanese Flounder, Paralichthys olivaceus, Fingerlings Released on the South-western Coast of Hokkaido Prefecture, Japan / Kengo Ishino -- 39. Number of Returns and Economic Return Rates of Hatchery-released Flounder Paralichthys olivaceus in Mikayo Bay -- Evaluation by a Fish Market Census / Hiroyuki Okouchi, Shuichi Kitada and Tatsuo Tsuzaki / [et al.] -- 40. A Bio-economic Evaluation of a Stock Enhancement Project of European Lobster: The Simulation Model LOBST.ECO with some Preliminary Results / Jorgen Borthen, Ann-Lisbeth Agnalt and Gro I. van der Meeren.
=650  \0$aAquaculture$vCongresses.
=650  \0$aAnimal populations$vCongresses.
=650  \6$aAquaculture$0(CaQQLa)201-0001992$vCongrès.$0(CaQQLa)201-0378219
=650  \6$aAnimaux$0(CaQQLa)201-0008950$xPopulations$0(CaQQLa)201-0008950$vCongrès.$0(CaQQLa)201-0378219
=650  \7$aAnimal populations.$2fast$0(OCoLC)fst00809325
=650  \7$aAquaculture.$2fast$0(OCoLC)fst00811864
=655  \7$aConference papers and proceedings.$2fast$0(OCoLC)fst01423772
=700  1\$aHowell, Bari.
=700  1\$aMoksness, Erlend.
=700  1\$aSvåsand, Terje.
=711  2\$aInternational Symposium on Stock Enhancement and Sea Ranching$n(1st :$d1997 :$cBergen, Norway)
=758  \\$ihas work:$aStock enhancement and sea ranching (Text)$1https://id.oclc.org/worldcat/entity/E39PCGwbP4RjRD7BXxyq8yFPYq$4https://id.oclc.org/worldcat/ontology/hasWork
=938  \\$aIngram Library Services$bINGR$nin009051612
=938  \\$aBaker & Taylor$bBKTY$c189.99$d189.99$i0852382464$n0003472069$sactive
=938  \\$aBaker and Taylor$bBTCP$n99088749
=938  \\$aYBP Library Services$bYANK$n100158010
=029  1\$aAU@$b000014611668
=029  1\$aAU@$b000021569098
=029  1\$aNLNZL$b995572363502836
=029  1\$aNZ1$b2525123
=029  1\$aNZ1$b557236
=029  1\$aYDXCP$b100158010

