=LDR  00000cam a2200000 a 4500
=001  36796678
=005  20250227184536.6
=008  970422s1996    it            100 0 eng d
=040  \\$aC3L$beng$cC3L$dDLM$dAGL$dOCL$dOCLCQ$dMUQ$dOCLCQ$dBAKER$dNZAUC$dOCLCQ$dOCLCF$dOCLCQ$dOCLCO$dOCL$dOCLCO$dOCLCQ$dOCLCA$dOCLCO$dOCLCQ$dOCL$dOCLCO$dOCLCQ$dOCLCL$dOCLCO$dOCLCL$dOCLCO$dOCLCQ$dOCLCO
=020  \\$a9251038635$q(paperback)
=020  \\$a9789251038635$q(paperback)
=041  0\$aeng$aeng
=043  \\$ae------
=045  \\$ax4x-
=050  \4$aSH331$b.F2  no.541
=070  0\$aSH323.F6$bno.541
=072  \0$aM120
=082  04$a639.2$220
=049  \\$aWAUW
=110  2\$aEuropean Inland Fisheries Advisory Commission.$1https://id.oclc.org/worldcat/entity/E39QQPVp7Tx9jTdDyjH6bdGdGR
=245  10$aReport of the Nineteenth session of the European Inland Fisheries Advisory Commission :$bDublin, Ireland, 11-19 June 1996.
=260  \\$aRome :$bFAO,$c1996.
=300  \\$axii, 62 pages ;$c30 cm
=336  \\$atext$btxt$2rdacontent
=337  \\$aunmediated$bn$2rdamedia
=338  \\$avolume$bnc$2rdacarrier
=490  1\$aFAO fisheries reports ;$vno. 541
=500  \\$aProceedings.
=500  \\$aAt head of title: FIPL/ R541 (En).
=650  \0$aFisheries$zEurope$vCongresses.
=650  \0$aAquaculture$zEurope$vCongresses.
=650  \0$aFishery resources$zEurope$vCongresses.
=650  \0$aFishery management$zEurope$vCongresses.
=650  \0$aFish culture$zEurope$vCongresses.
=650  \0$aFishery resources$zEurope$xCongresses.
=650  \0$aFish culture$zEurope$xCongresses.
=650  \6$aRessources halieutiques$0(CaQQLa)201-0062830$zEurope$0(CaQQLa)201-0421387$xCongrès.$0(CaQQLa)201-0378208
=650  \6$aPêches$0(CaQQLa)201-0046966$xGestion$0(CaQQLa)201-0046966$zEurope$0(CaQQLa)201-0421387$vCongrès.$0(CaQQLa)201-0378219
=650  \6$aPisciculture$0(CaQQLa)201-0032618$zEurope$0(CaQQLa)201-0421387$xCongrès.$0(CaQQLa)201-0378208
=650  \6$aPêches$0(CaQQLa)201-0011340$zEurope$0(CaQQLa)201-0421387$vCongrès.$0(CaQQLa)201-0378219
=650  \6$aAquaculture$0(CaQQLa)201-0001992$zEurope$0(CaQQLa)201-0421387$vCongrès.$0(CaQQLa)201-0378219
=650  \6$aRessources halieutiques$0(CaQQLa)201-0062830$zEurope$0(CaQQLa)201-0421387$vCongrès.$0(CaQQLa)201-0378219
=650  \6$aPisciculture$0(CaQQLa)201-0032618$zEurope$0(CaQQLa)201-0421387$vCongrès.$0(CaQQLa)201-0378219
=650  \7$aFishery resources$2fast$0(OCoLC)fst00926335
=650  \7$aFishery management$2fast$0(OCoLC)fst00926228
=650  \7$aFish culture$2fast$0(OCoLC)fst00926017
=650  \7$aAquaculture$2fast$0(OCoLC)fst00811864
=650  \7$aFisheries$2fast$0(OCoLC)fst00926051
=651  \7$aEurope$2fast$1https://id.oclc.org/worldcat/entity/E39PBJxCxPbbk4CPJDQJb4r6rq$0(OCoLC)fst01245064
=655  \7$aConference papers and proceedings$2fast$0(OCoLC)fst01423772
=710  2\$aFood and Agriculture Organization of the United Nations.$1https://id.oclc.org/worldcat/entity/E39QQPVp7WDDfWctpwhCw6FB7R
=710  2\$aEuropean Inland Fisheries Advisory Commission$n(19th :$d1996 :$cDublin, Ireland).$tSession.
=776  08$iOnline version:$aEuropean Inland Fisheries Advisory Commission.$tReport of the Nineteenth session of the European Inland Fisheries Advisory Commission.$dRome : FAO, 1996$w(OCoLC)908125138
=830  \0$aFAO fisheries report ;$vno. 541.
=938  \\$aBaker & Taylor$bBKTY$c10.00$d10.00$i9251038635$n0002969329$sactive
=938  \\$aCasalini Libri$bCASA$n97151874$cL16800
=029  0\$aC3L$b97151874
=029  1\$aAU@$b000013340597
=029  1\$aNZ1$b4883919

