=LDR  00000cam a2200000 a 4500
=001  35298727
=005  20240127100239.6
=008  960802s1997    ilua     b    001 0 eng  
=010  \\$a   96075864 
=040  \\$aDLC$beng$cDLC$dIHI$dBTCTA$dYDXCP$dOCLCO$dOCLCF$dOCLCQ$dFQR$dOCLCO$dOCL$dOCLCO$dOCLCL
=019  \\$a35091105
=020  \\$a0813430844
=020  \\$a9780813430843
=050  04$aSH135$b.L44 1997
=082  00$a639/.8$220
=049  \\$aWAUW
=100  1\$aLee, Jasper S.
=245  10$aAquaculture :$ban introduction /$cJasper S. Lee, Michael E. Newman.
=250  \\$a2nd ed.
=260  \\$aDanville, Ill. :$bInterstate Publishers,$c©1997.
=300  \\$aviii, 518 pages :$billustrations (some color) ;$c27 cm
=336  \\$atext$btxt$2rdacontent
=337  \\$aunmediated$bn$2rdamedia
=338  \\$avolume$bnc$2rdacarrier
=490  1\$aAgriScience and technology series
=504  \\$aIncludes bibliographical references (pages 509-512) and index.
=505  0\$aAquaculture today -- Aquaculture science -- Aquaculture business -- Aquaculture production -- Aquaculture and people.
=650  \0$aAquaculture.
=650  \0$aAquacultural engineering.
=650  \6$aAquaculture.$0(CaQQLa)201-0001992
=650  \7$aAquacultural engineering$2fast$0(OCoLC)fst00811863
=650  \7$aAquaculture$2fast$0(OCoLC)fst00811864
=700  1\$aNewman, Michael E.
=758  \\$ihas work:$aAquaculture (Text)$1https://id.oclc.org/worldcat/entity/E39PCXqWyDBpfpgcxMYfd4DpKb$4https://id.oclc.org/worldcat/ontology/hasWork
=830  \0$aAgriScience and technology series.
=938  \\$aBaker and Taylor$bBTCP$n96075864 //r98
=938  \\$aYBP Library Services$bYANK$n1341012
=029  1\$aAU@$b000012701783

