=LDR  00000cam a2200000 a 4500
=001  71802830
=005  20241211231932.2
=008  060929s2004    dcu     ab   f000 0 eng d
=007  hd\afa014baca
=040  \\$aUP3$beng$cUP3$dOCLCF$dOCLCO$dOCLCQ$dOCLCO$dOCLCQ$dOCLCL$dOCLCO
=043  \\$an-us---
=050  \4$aJK1108$b.M35 Suppl. 2005 reel 7
=049  \\$aWAUW
=100  1\$aBorgatti, Rachel.
=245  10$aOpen ocean aquaculture /$cRachel Borgatti, Eugene H. Buck.
=246  1\$iAt head of title:$aCRS report for Congress
=260  \\$a[Washington, D.C.] :$bCongressional Information Service, Library of Congress,$c[2004]
=300  \\$a17 pages ;$c28 cm
=336  \\$atext$btxt$2rdacontent
=337  \\$amicroform$bh$2rdamedia
=338  \\$amicrofilm reel$bhd$2rdacarrier
=500  \\$aCover title.
=500  \\$a"December 13, 2004."
=504  \\$aIncludes bibliographical references.
=500  \\$a"05-RL-32694."
=533  \\$aMicrofilm.$bBethesda, Md. :$cUniversity Publications of America,$d2006.$eon 1 microfilm reel with other items ; 35 mm.$f(Major studies and issue briefs of the Congressional Research Service. 2005 supplement ; reel 7, fr. 0648).
=539  \\$as$b2006$dmdu$en$ga
=650  \0$aMariculture.
=650  \0$aSustainable fisheries.
=650  \0$aAquaculture industry.
=650  \6$aMariculture.$0(CaQQLa)201-0014614
=650  \6$aPêches durables.$0(CaQQLa)201-0267431
=650  \6$aAquaculture$xIndustrie.$0(CaQQLa)201-0115912
=650  \7$aAquaculture industry$2fast$0(OCoLC)fst00811902
=650  \7$aMariculture$2fast$0(OCoLC)fst01009241
=650  \7$aSustainable fisheries$2fast$0(OCoLC)fst01139766
=700  1\$aBuck, Eugene H.$1https://id.oclc.org/worldcat/entity/E39PCjygQJmKjCFVHWxvwQBYxC
=710  2\$aLibrary of Congress.$bCongressional Research Service.$1https://id.oclc.org/worldcat/entity/E39QQPVp83d6wxXtXtkr43HfFg
=758  \\$ihas work:$aOpen ocean aquaculture (Text)$1https://id.oclc.org/worldcat/entity/E39PCGrYywbvHbhVJJd6HBcC6X$4https://id.oclc.org/worldcat/ontology/hasWork
=830  \0$aMajor studies and issue briefs of the Congressional Research Service.$pSupplement ;$v2005, reel 7, fr. 0648.

