=LDR  00000cam a2200000   4500
=001  1334720167
=005  20250701014111.8
=008  220709s2022    xx            0∎∎ 0 eng d
=040  \\$aYDX$beng$cYDX$dUKMGB$dOCLCF$dOCLCO$dOCLCQ$dOCLCL
=015  \\$aGBC2H2857$2bnb
=016  7\$a020759515$2Uk
=020  \\$a9811954992
=020  \\$a9789811954993
=082  04$a639.3$223$1https://id.oclc.org/worldcat/ddc/E4bFb8RGwQC8Q7jtKJygMFFW6P
=049  \\$aWAUW
=245  00$aOUTLOOK OF CLIMATE CHANGE AND FISH NUTRITION.
=260  \\$a[S.l.] :$bSPRINGER VERLAG, SINGAPOR,$c2022.
=300  \\$a1 volume :$billustrations (black and white, and colour) ;$c24 cm
=336  \\$atext$2rdacontent
=336  \\$astill image$2rdacontent
=337  \\$aunmediated$2rdamedia
=338  \\$avolume$2rdacarrier
=650  \0$aFishes$xNutrition.
=650  \0$aFisheries$xClimatic factors.
=650  \0$aAquaculture$xClimatic factors.
=650  \6$aPêches$xFacteurs climatiques.$0(CaQQLa)201-0153937
=650  \7$aAquaculture$xClimatic factors$2fast$0(OCoLC)fst01750411
=650  \7$aFisheries$xClimatic factors$2fast$0(OCoLC)fst00926061
=650  \7$aFishes$xNutrition$2fast$0(OCoLC)fst00926560
=938  \\$aYBP Library Services$bYANK$n18036086
=936  \\$aBATCHLOAD
=029  1\$aUKMGB$b020759515

