=LDR  00000cam a2200000 i 4500
=001  1130125167
=005  20240202180208.2
=008  191212s2020    onc     ob    001 0 eng d
=006  m     o  d        
=007  cr\||||||||||
=040  \\$aYDX$beng$epn$cYDX$dN{dollar}T$dSNM$dOCLCF$dOCLCQ$dWAU$dK6U$dOCLCO$dOCLCQ$dOCLCO$dOCLCL
=020  \\$a1774074753$q(electronic bk.)
=020  \\$a9781774074756$q(electronic bk.)
=050  \4$aSH136.S88$bB67 2020
=082  04$a338.3/718$223
=049  \\$aWAUW
=100  1\$aBorges, Bruno Augusto Amato.
=245  10$aRURAL AQUACULTURE /$cBruno Augusto Amato Borges.
=260  \\$aOakville, ON :$bDELVE Publishing,$c2020.
=300  \\$a1 online resource (xvi, 184 pages) :$billustrations
=336  \\$atext$btxt$2rdacontent
=337  \\$acomputer$bc$2rdamedia
=338  \\$aonline resource$bcr$2rdacarrier
=504  \\$aIncludes bibliographical references and index.
=588  0\$aOnline resource; title from PDF file page (EBSCO, viewed February 4, 2020).
=650  \0$aSustainable aquaculture.
=650  \0$aAquaculture industry.
=650  \0$aRural development.
=650  \6$aAquaculture durable.$0(CaQQLa)201-0424259
=650  \6$aAquaculture$xIndustrie.$0(CaQQLa)201-0115912
=650  \6$aDéveloppement rural.$0(CaQQLa)201-0006283
=650  \7$arural development.$2aat$0(CStmoGRI)aat300055435
=650  \7$aAquaculture industry$2fast$0(OCoLC)fst00811902
=650  \7$aRural development$2fast$0(OCoLC)fst01101498
=650  \7$aSustainable aquaculture$2fast$0(OCoLC)fst01736619
=758  \\$ihas work:$aRural Aquaculture (Work)$1https://id.oclc.org/worldcat/entity/E39PCYRPtDJKTGmdq3VtDxW6jC$4https://id.oclc.org/worldcat/ontology/hasWork
=856  40$3EBSCOhost$uhttps://search.ebscohost.com/login.aspx?direct=true&scope=site&db=nlebk&db=nlabk&AN=2324402
=938  \\$aEBSCOhost$bEBSC$n2324402
=938  \\$aYBP Library Services$bYANK$n300992767

