=LDR  00000cas a2200000 i 4500
=001  733798044
=005  20180519155820.1
=008  110630d20072013waugr        s0    0eng c
=010  \\$a  2017252702
=040  \\$aWRJ$beng$erda$cWRJ$dOCLCA$dOCLCF$dOCLCO$dWAU$dOCLCQ$dOCLCA$dWAU$dOCLCA
=042  \\$apcc
=043  \\$an-us-wa
=050  14$aSH373.3.P33$bI67
=086  \\$aWA 378.4 M33geo a$2wadocs
=049  \\$aWAUW
=245  00$aInterim progress report ... :$bGeoduck Aquaculture Research Program, House Bill 2220 : report to the Washington State Legislature /$cUniversity of Washington, Sea Grant.
=246  1\$aGeoduck Aquaculture Research Program
=246  30$aGeoduck Aquaculture Research Program House Bill 2220
=246  3\$aReport to the Legislature :$bGeoduck Aquaculture Research Program, House Bill 2220
=264  \1$aSeattle, Washington :$bWashington Sea Grant
=300  \\$avolumes :$billustrations, color maps ;$c28 cm
=310  \\$aBiennial
=336  \\$atext$btxt$2rdacontent
=337  \\$aunmediated$bn$2rdamedia
=338  \\$avolume$bnc$2rdacarrier
=362  1\$aBegan with: July 1, 2007-September 30, 2009; ceased with: Final report, November 2013.
=490  1\$aWSG-TR
=500  \\$a"Report to the Washington State Legislature; House Committee on Agriculture and Natural Resources; House Committee on the Environment; Senate Committee on Natural Resources and Marine Waters; Senate Committee on Environment, Water and Energy"--Cover.
=588  \\$aDescription based on: October 1, 2009-September 30, 2010; title from cover.
=588  \\$aLatest issue consulted: October 1, 2010-September 30, 2011.
=610  20$aGeoduck Aquaculture Research Program$vPeriodicals.
=650  \0$aPacific geoduck culture$zWashington (State)$vPeriodicals.
=650  \7$aPacific geoduck culture.$2fast$0(OCoLC)fst01763553
=651  \7$aWashington (State)$2fast$0(OCoLC)fst01204703
=655  \7$aPeriodicals.$2lcgft
=655  \7$aPeriodicals.$2fast$0(OCoLC)fst01411641
=710  2\$aUniversity of Washington.
=710  1\$aWashington (State).$bLegislature.
=710  2\$aGeoduck Aquaculture Research Program,$eissuing body.
=710  2\$aWashington Sea Grant Program.
=830  \0$aWSG (Series)
=856  41$uhttp://www.sos.wa.gov/library/docs/uw/geoduck/geoduck_home.aspx$zView online from Washington State Library

