=LDR  00000cgm a2200000 a 4500
=001  428820406
=005  20241205025619.3
=008  090731s1979    wau060            vleng d
=007  vf\cbaho|
=040  \\$aWAU$beng$cWAU$dOCLCA$dOCLCQ$dOCLCF$dOCLCO$dOCLCA$dOCLCQ$dOCLCO$dOCLCA$dOCLCO$dOCLCQ$dOCLCL$dOCLCO$dOCLCL$dOCLCO
=043  \\$an-us---
=049  \\$aWAUW
=245  00$aAquaculture :$bfarming under water /$cdirector, Hank Broeckling ; producer, Bruce Macdonald ; KCPQ-TV.
=246  1\$iLocally-produced videocassette label has title:$aAquaculture and follow-up discussion.$5WaU
=260  \\$a[Tacoma, Wash.] :$b[KCPQ-TV?],$c[1979?]
=300  \\$a1 videocassette (60 min.) :$bsound, color ;$c1/2 in.
=336  \\$atwo-dimensional moving image$btdi$2rdacontent
=337  \\$avideo$bv$2rdamedia
=338  \\$avideocassette$bvf$2rdacarrier
=538  \\$aVHS.
=511  0\$aHost, Mike Hamilton.
=500  \\$aOriginally broadcast on KCPQ-TV.
=520  \\$aAquaculture began some 4,000 years ago in China, yet in the United States its history is relatively recent. Increasing emphasis, however, is being placed on the production and harvesting of fish, shrimps, molluscs, seaweeds and other aquatic organisms in man-controlled environments. Focuses on developments in the Pacific--the research being done in aquaculture, the problems encountered, the industry already developed and the prospects for the future. The second part of the program includes a discussion of a panel of experts discussing what they consider the present state of aquaculture and what they foresee as some of the limitations and future potential.
=505  0\$aAquaculture : farming under water (30 min.) / Institute of Governmental Research, University of Washington, Washington Sea Grant Program of the National Oceanic and Atmospheric Administration ; producer/director, Mike Hamilton ; writers, Mike Hamilton, Bruce Macdonald ; narration, Paul Herlinger -- [Follow-up discussion] (30 min.).
=650  \0$aAquaculture$zNorthwest, Pacific.
=650  \0$aMarine biology$zNorthwest, Pacific.
=650  \7$aAquaculture$2fast$0(OCoLC)fst00811864
=650  \7$aMarine biology$2fast$0(OCoLC)fst01009447
=651  \7$aPacific Northwest$2fast$0(OCoLC)fst01242543
=655  \4$aTelevision programs$zUnited States.
=655  \7$aDocumentary television programs$2fast$0(OCoLC)fst01710387
=655  \7$aNonfiction television programs$2fast$0(OCoLC)fst01710270
=655  \7$aScience television programs$2fast$0(OCoLC)fst01726240
=655  \7$aScience television programs.$2lcgft
=655  \7$aDocumentary television programs.$2lcgft
=655  \7$aNonfiction television programs.$2lcgft
=655  \7$aÉmissions scientifiques télévisées.$2rvmgf$0(CaQQLa)RVMGF-000000063
=655  \7$aDocumentaires télévisés.$2rvmgf$0(CaQQLa)RVMGF-000000018
=655  \7$aÉmissions télévisées autres que de fiction.$2rvmgf$0(CaQQLa)RVMGF-000000019
=700  1\$aBroeckling, Hank.$4drt
=700  1\$aMacdonald, Bruce.$4pro$4nrt
=700  1\$aHamilton, Mike.$4hst$4aus$4drt$4pro
=700  1\$aHerlinger, Paul.$4nrt$1https://id.oclc.org/worldcat/entity/E39PCjMhrmT6V9tfYvX3bxWr4m
=710  2\$aUniversity of Washington.$bInstitute of Governmental Research.
=710  2\$aWashington Sea Grant Program.$1https://id.oclc.org/worldcat/entity/E39QQPVp7WMgyD6mqvcyJdfhTR
=710  2\$aKCPQ-TV (Television station : Tacoma, Wash.)$1https://id.oclc.org/worldcat/entity/E39QH7JmmQF9QVRvDFBpdTvkPF
=758  \\$ihas work:$aAquaculture (MovingImage)$1https://id.oclc.org/worldcat/entity/E39PCGHKHxtfgWJyj9fpMK9v73$4https://id.oclc.org/worldcat/ontology/hasWork

