=LDR  00000cgm a2200000 a 4500
=001  41988527
=005  20250207042611.4
=008  981106s1998    nyu045            vleng d
=007  vf\cbahou
=040  \\$aCOO$beng$cCOO$dIAL$dOCLCQ$dWAU$dOCLCF$dNEO$dOCLCQ$dOCLCO$dNJR$dOCLCO$dOCLCL$dOCLCQ
=041  0\$aeng$aund$jeng
=043  \\$aaz-----
=050  \4$aSH335.6$b.F57 1998
=082  04$a338.3727$bF539pa
=049  \\$aWAUW
=245  00$aFishing in the sea of greed /$cdirection, Anand Patwardhan.
=260  \\$aNew York, N.Y. :$bFirst Run/Icarus Films,$c1998.
=300  \\$a1 videocassette (45 min.) :$bsound, color ;$c1/2 in.
=336  \\$atwo-dimensional moving image$btdi$2rdacontent
=337  \\$avideo$bv$2rdamedia
=338  \\$avideocassette$bvf$2rdacarrier
=538  \\$aVHS.
=546  \\$aIn Hindi with English subtitles, and in English.
=508  \\$aCamera, Anand Patwardhan ; editing, Anand Patwardhan.
=520  \\$aDocuments the response of traditional fishing communities and rice farmers to the threat of displacement by overfishing and pollution resulting from industrial fishing practices such as use of gigantic factory ships.
=650  \0$aFishery processing ships.
=650  \0$aFisheries$xEnvironmental aspects.
=650  \0$aAquaculture$xEnvironmental aspects.
=650  \0$aFishers$zSouth Asia.
=650  \0$aFishers$xLabor unions$zSouth Asia.
=650  \0$aEconomic development$xSocial aspects$zSouth Asia.
=650  \0$aDocumentary films.
=650  \6$aNavires-usines.$0(CaQQLa)201-0092657
=650  \6$aPêches$xAspect de l'environnement.$0(CaQQLa)201-0361565
=650  \6$aAquaculture$0(CaQQLa)201-0001992$xAspect de l'environnement.$0(CaQQLa)201-0374355
=650  \6$aPêcheurs$0(CaQQLa)201-0039378$zAsie méridionale.$0(CaQQLa)201-0420805
=650  \6$aPêcheurs$0(CaQQLa)201-0053825$xSyndicats$0(CaQQLa)201-0053825$zAsie méridionale.$0(CaQQLa)201-0420805
=650  \7$afactory ships.$2aat$0(CStmoGRI)aat300232759
=650  \7$aAquaculture$xEnvironmental aspects.$2fast$0(OCoLC)fst00811871
=650  \7$aDocumentary films.$2fast$0(OCoLC)fst00896079
=650  \7$aEconomic development$xSocial aspects.$2fast$0(OCoLC)fst00901865
=650  \7$aFisheries$xEnvironmental aspects.$2fast$0(OCoLC)fst00926083
=650  \7$aFishers.$2fast$0(OCoLC)fst00926174
=650  \7$aFishers$xLabor unions.$2fast$0(OCoLC)fst00926185
=650  \7$aFishery processing ships.$2fast$0(OCoLC)fst00926300
=651  \7$aSouth Asia.$2fast$0(OCoLC)fst01244520
=655  \2$aDocumentaries and Factual Films$0(DNLM)D019499
=655  \4$aForeign language films$xHindi.
=655  \7$aDocumentary films.$2fast$0(OCoLC)fst01710390
=655  \7$aDocumentary films.$2lcgft
=655  \7$aDocumentaires.$2rvmgf$0(CaQQLa)RVMGF-000000017
=700  1\$aPatwardhan, Anand.
=710  2\$aFirst Run/Icarus Films.
=758  \\$ihas work:$aFishing in the sea of greed (MovingImage)$1https://id.oclc.org/worldcat/entity/E39PCFRTgcXYBvjBPTckGFcxCP$4https://id.oclc.org/worldcat/ontology/hasWork
=936  \\$aBATCHLOAD
=029  1\$aAU@$b000022852798

