=LDR  00000cgm a2200000 i 4500
=001  900545301
=005  20240313065546.0
=008  150121p20142013flu049 g          vleng d
=007  vd\cvaizs
=040  \\$aWIS$beng$erda$cWIS$dAUM$dCOO$dOCLCO$dOCLCF$dWAU$dEMU$dOCL$dORU$dOCLCQ$dOCLCO$dTEF$dOCLCO$dOCL$dOCLCO$dOCLCL$dOCLCQ
=024  1\$a707541822893
=041  0\$aeng$jeng$heng
=046  \\$as$k2013
=050  \4$aSH380.6$b.R35 2014
=050  \4$aTX387$b.R28 2014
=082  04$a639/.68$223
=049  \\$aWAUW
=245  00$aRaising shrimp /$cFish Navy Films presents with New York Sound a Ted Caplow film ; producer, Ted Caplow ; director, Joe Cunningham ; written by Ted Caplow with Sarah Curry.
=257  \\$aUnited States$2naf
=264  \1$a[Coconut Grove, Florida] :$bFish Navy Films,$c[2014]
=300  \\$a1 videodisc (49 min.) :$bsound, color ;$c4 3/4 in.
=336  \\$atwo-dimensional moving image$btdi$2rdacontent
=337  \\$avideo$bv$2rdamedia
=338  \\$avideodisc$bvd$2rdacarrier
=344  \\$adigital$2rdatr
=344  \\$boptical$2rdarm
=344  \\$gstereo$2rdacpc
=344  \\$h2.0 Dolby digital
=346  \\$bNTSC$2rdabs
=347  \\$avideo file$2rdaft
=347  \\$bDVD video
=347  \\$eall regions$2rdare
=380  \\$aDocumentary films$2lcgft
=538  \\$aDVD ; all regions, NTSC ; widescreen, 16:9; Dolby digital 2.0.
=546  \\$aClosed-captioned in English.
=511  0\$aWith Andy Danylchuk (fish ecologist), Ted Caplow (ecological engineer), Tim Smith, Doug Ernst (aquaculture engineer), Craig Wallis, Mitch Jones (Food and Water Watch), Scott Zimmerman (food inspector).
=508  \\$aCinematography, Doron Schlair ; supervising editor, Javier Mayol ; music, Moby, Selec Astronomy, Man Plus Building, Bob Bradley.
=500  \\$aOriginally produced as a motion picture in 2013.
=520  \\$aDiscusses the economic and medical perils of shrimp as an outsourced food supply and interviews fishermen in Texas, shrimp farmers in Belize, and pioneering farmers back in the US in search of a better shrimp.
=500  \\$aIncludes trailer.
=650  \0$aShrimp culture.
=650  \0$aAquaculture.
=650  \0$aAquacultural engineering.
=650  \6$aCrevettes$xÉlevage.$0(CaQQLa)201-0107000
=650  \6$aAquaculture.$0(CaQQLa)201-0001992
=650  \7$aAquacultural engineering$2fast$0(OCoLC)fst00811863
=650  \7$aAquaculture$2fast$0(OCoLC)fst00811864
=650  \7$aShrimp culture$2fast$0(OCoLC)fst01117783
=655  \4$aFeature films$zUnited States.
=655  \4$aFeature films$zBelize.
=655  \7$adocumentary film.$2aat$0(CStmoGRI)aatgf300375156
=655  \7$aEnvironmental films$2fast$0(OCoLC)fst01710300
=655  \7$aDocumentary films$2fast$0(OCoLC)fst01710390
=655  \7$aNonfiction films$2fast$0(OCoLC)fst01710269
=655  \7$aVideo recordings for the hearing impaired$2fast$0(OCoLC)fst01710450
=655  \7$aDocumentary films.$2lcgft
=655  \7$aEnvironmental films.$2lcgft
=655  \7$aNonfiction films.$2lcgft
=655  \7$aVideo recordings for the hearing impaired.$2lcgft
=655  \7$aDocumentaires.$2rvmgf$0(CaQQLa)RVMGF-000000017
=655  \7$aFilms environnementaux.$2rvmgf$0(CaQQLa)RVMGF-000001735
=655  \7$aFilms autres que de fiction.$2rvmgf$0(CaQQLa)RVMGF-000000105
=655  \7$aVidéos pour personnes handicapées auditives.$2rvmgf$0(CaQQLa)RVMGF-000000009
=700  1\$aCunningham, Joe$c(Sound engineer),$efilm director.$1https://id.oclc.org/worldcat/entity/E39PCjFWVgP8yP6dYTWHbDhrbd
=700  1\$aCaplow, Theodore,$d1969-$efilm producer,$escreenwriter,$enarrator,$einterviewer.$1https://id.oclc.org/worldcat/entity/E39PBJhRJX48fVR3YfBJ8KDrMP
=700  1\$aCurry, Sarah,$escreenwriter.
=700  1\$aDanylchuk, Andy,$einterviewee (expression)
=700  1\$aSchlair, Doron,$edirector of photography.
=700  1\$aMayol, Javier,$eeditor of moving image work.
=710  2\$aFish Navy Films (Firm),$epresenter.
=710  2\$aNew York Sound (Firm),$epresenter.
=758  \\$ihas work:$aRaising shrimp (MovingImage)$1https://id.oclc.org/worldcat/entity/E39PCFx7FXVdFyYjVBkvjvVYMX$4https://id.oclc.org/worldcat/ontology/hasWork

