=LDR  00000cem a2200000 a 4500
=001  164438429
=005  20241028010133.9
=008  070814s2006    at        e  f  0   eng d
=006  aab    b   f000 0 
=007  ad\canzn
=040  \\$aWAU$beng$cWAU$dWAU$dOCLCA$dOCLCQ$dOCLCO$dOCLCF$dOCLCQ$dOCLCL$dOCLCO
=020  \\$a0642475598
=020  \\$a9780642475596
=034  0\$aa
=043  \\$au-at---
=050  \4$aG2751.L2$bA87 2006
=052  \\$a8961
=049  \\$aWAUW
=110  1\$aAustralia.$bBureau of Rural Sciences.
=245  10$aMarine matters national :$batlas of Australian marine fishing and coastal communities /$cauthors, James Larcombe [and others] ; Australian Government, Fisheries Research & Development Corporation, Department of the Environment and Heritage, Bureau of Rural Sciences.
=246  30$aAtlas of Australian marine fishing and coastal communities
=255  \\$aScales differ.
=260  \\$aCanberra, ACT :$bBureau of Rural Sciences,$c©2006.
=300  \\$a1 atlas (vii, 60 pages) :$bcolor illustrations, 25 color maps ;$c23 x 31 cm
=336  \\$acartographic image$bcri$2rdacontent
=337  \\$aunmediated$bn$2rdamedia
=338  \\$avolume$bnc$2rdacarrier
=490  1\$aScience for decision makers
=500  \\$a"Department of Agriculture, Fisheries and Forestry."
=530  \\$aAlso issued electronically via World Wide Web in PDF format.
=504  \\$aIncludes bibliographical references.
=650  \0$aFisheries$zAustralia$vMaps.
=650  \0$aFisheries$xEmployees$xEmployment$zAustralia$vMaps.
=650  \0$aAquaculture industry$xEmployees$xEmployment$zAustralia$vMaps.
=651  \0$aAustralia$xEconomic conditions$vMaps.
=650  \0$aCoasts$zAustralia$vMaps.
=650  \7$aCoasts$2fast$0(OCoLC)fst00865801
=650  \7$aEconomic history$2fast$0(OCoLC)fst00901974
=650  \7$aFisheries$2fast$0(OCoLC)fst00926051
=651  \7$aAustralia$2fast$1https://id.oclc.org/worldcat/entity/E39QbtfRv8PPH7gCqhkJ8DK8bM$0(OCoLC)fst01204543
=655  \7$aMaps$2fast$0(OCoLC)fst01423704
=710  2\$aFisheries Research & Development Corporation (Australia)$1https://id.oclc.org/worldcat/entity/E39QH7JmtdKtBPbKMbWBrr7C6g
=710  1\$aAustralia.$bDepartment of the Environment and Heritage.
=710  1\$aAustralia.$bDepartment of Agriculture, Fisheries, and Forestry.
=830  \0$aScience for decision makers.
=856  41$uhttp://affashop.gov.au/product.asp?prodid=13535$zConnect to site for downloading this title online
=856  41$uhttp://affashop.gov.au/PdfFiles/marine_matters_national_final.pdf$zConnect to this title online (PDF: 36.49 MB) (Australian site)
=856  41$uhttp://www.lib.washington.edu/msd/norestriction/b58277808.pdf$zConnect to this title online (PDF: 36.49 MB) (UW site)
=029  1\$aAU@$b000041025892

