=LDR  00000cim a2200000 i 4500
=001  974490673
=005  20240314082243.3
=008  170303s2016    vm nnnn        z  n vie d
=007  sd\fungnn|||ed
=040  \\$aWAU$beng$erda$cWAU$dOCLCF$dOCLCO$dOCLCL$dOCLCQ
=043  \\$aa-vt---
=049  \\$aWAUW
=110  1\$aVietnam.$bTổng cục thống kê,$eauthor.
=245  10$aHỏi - đáp tổng điều tra nông thôn, nông nghiệp và thủy sản năm 2016 /$cTổng cục thống kê.
=264  \1$aHà Nội :$bNhà xuất bản thống kê,$c2016.
=300  \\$a1 audio disc :$bdigital ;$c4 3/4 in.
=336  \\$aspoken word$bspw$2rdacontent
=337  \\$aaudio$bs$2rdamedia
=338  \\$aaudio disc$bsd$2rdacarrier
=344  \\$adigital$boptical$2rda
=347  \\$aaudio file$2rda
=347  \\$bCD audio
=500  \\$aCompact disc.
=520  \\$aFrequently asked questions and answers on the census of rural, agriculture and fisheries in Vietnam in 2016, including statistics collected from the census.
=651  \0$aVietnam$xCensus.
=650  \0$aAgricultural surveys$zVietnam.
=650  \0$aAgriculture$zVietnam$xStatistical services.
=650  \0$aAquaculture surveys$zVietnam.
=650  \0$aAquaculture$zVietnam$xStatistical services.
=650  \0$aRural population$zVietnam.
=650  \6$aAgriculture$0(CaQQLa)201-0052046$xEnquêtes$0(CaQQLa)201-0052046$zViêt-nam.$0(CaQQLa)201-0498081
=650  \6$aAgriculture$0(CaQQLa)201-0062624$zViêt-nam$0(CaQQLa)201-0498081$xServices statistiques.$0(CaQQLa)201-0379391
=650  \6$aAquaculture$0(CaQQLa)201-0001992$zViêt-nam$0(CaQQLa)201-0498081$xServices statistiques.$0(CaQQLa)201-0379391
=650  \6$aPopulation rurale$0(CaQQLa)201-0011653$zViêt-nam.$0(CaQQLa)201-0498081
=650  \7$aAgricultural surveys.$2fast$0(OCoLC)fst00801308
=650  \7$aAgriculture$xStatistical services.$2fast$0(OCoLC)fst00801663
=650  \7$aAquaculture surveys.$2fast$0(OCoLC)fst00811919
=650  \7$aRural population.$2fast$0(OCoLC)fst01101774
=651  \7$aVietnam.$2fast$0(OCoLC)fst01204778$1https://id.oclc.org/worldcat/entity/E39PBJjhFyhTBdYgGbRpV6YwYP
=655  \7$aFAQs.$2aat$0(CStmoGRI)aatgf300266019
=655  \7$aCensus data.$2fast$0(OCoLC)fst01411644
=655  \7$aFAQs.$2fast$0(OCoLC)fst01919925
=655  \7$aFAQs.$2lcgft
=655  \7$aFoires aux questions.$2rvmgf$0(CaQQLa)RVMGF-000001226

