=LDR  00000cmm a2200000 a 4500
=001  27248124
=005  20241210221241.5
=008  930113s1992    mdu     q  m f      eng d
=007  co\ugu||||||||
=040  \\$aAAA$beng$cAAA$dAGL$dOCLCQ$dSMU$dW7L$dOCLCQ$dOCLCF$dOCLCO$dOCLCQ$dCOF$dEJB$dOCLCO$dOCLCQ$dOCLCO$dOCLCL$dOCLCO
=019  \\$a42825178
=050  14$aSH135$b.A592 1992
=070  0\$aaZ5970.A68$b1992
=072  \0$aM120
=072  \0$aM130
=086  0\$aA 17.2/2:AQ 3/4
=049  \\$aWAUW
=245  00$aAquaculture II.
=260  \\$aBeltsville, Md. :$bNational Agricultural Library,$c[1992]
=300  \\$a1 computer optical disc ;$c4 3/4 in. +$eI-SEARCH user manual + notes for system administrators
=500  \\$aTitle from disk.
=500  \\$a"National Agricultural Text Digitizing Project"--Disc
=500  \\$a"Guided tour of Aquaculture II CD-ROM" by Judith A. Zidar (16 p.)inserted in container
=500  \\$a"November 1992."
=538  \\$aSystem requirements: IBM-compatible 80386 micro; 4 MB storage space on hard disc; CD-ROM player with MS-DOS CD-ROM extensions 2.0 or higher mouse or other pointing device; 2 MB or more memory with 512 KB low RAM available; MS-DOS 3.3 or higher; Microsoft Windows 3.0 or 3.1; Windows Personal Librarian 3.0 (included on CD-ROM).
=520  \\$aContains the page images and full text of 155 reference publications. Data base can be searched using either Windows Personal Librarian or I-Search retrieval software.
=650  \0$aAquaculture$vDatabases.
=650  \6$aAquaculture$0(CaQQLa)201-0001992$vBases de données.$0(CaQQLa)201-0378311
=650  \7$aAquaculture$2fast$0(OCoLC)fst00811864
=655  \7$adatabases.$2aat$0(CStmoGRI)aatgf300028543
=655  \7$aDatabases$2fast$0(OCoLC)fst01411643
=655  \7$aDatabases.$2lcgft
=655  \7$aBases de données.$2rvmgf$0(CaQQLa)RVMGF-000001211
=710  2\$aNational Agricultural Text Digitizing Project (U.S.)$1https://id.oclc.org/worldcat/entity/E39QH7JmmY9Gy9dVyVDGWTTdGR
=753  \\$aIBM$cDOS 3.3.


